%YAML 1.1
%TAG !u! tag:unity3d.com,2011:
--- !u!241 &24100000
AudioMixerController:
  m_ObjectHideFlags: 0
  m_PrefabParentObject: {fileID: 0}
  m_PrefabInternal: {fileID: 0}
  m_Name: ExampleMixer
  m_OutputGroup: {fileID: 0}
  m_MasterGroup: {fileID: 24300002}
  m_Snapshots:
  - {fileID: 24500006}
  m_StartSnapshot: {fileID: 24500006}
  m_SuspendThreshold: -80
  m_EnableSuspend: 1
  m_UpdateMode: 0
  m_ExposedParameters:
  - guid: 5ef715deb30e846bc9f83d9d49f6726f
    name: musicVolume
  - guid: 7cb89944ac3854afd8798f9ff322ebe0
    name: sfxVolume
  m_AudioMixerGroupViews:
  - guids:
    - 7927d52cb4c774281b2569dc05bf0289
    - afe2e10cf193044daae72cbd8391b052
    - 65908f6247eb244d38a4e67e8d257608
    name: View
  m_CurrentViewIndex: 0
  m_TargetSnapshot: {fileID: 24500006}
--- !u!243 &24300002
AudioMixerGroupController:
  m_ObjectHideFlags: 0
  m_PrefabParentObject: {fileID: 0}
  m_PrefabInternal: {fileID: 0}
  m_Name: Master
  m_AudioMixer: {fileID: 24100000}
  m_GroupID: 7927d52cb4c774281b2569dc05bf0289
  m_Children:
  - {fileID: 243397458662236904}
  - {fileID: 243992840930389200}
  m_Volume: ffee445dcdea246ca87e7c633ed19656
  m_Pitch: d9c59a81772dc4896bfbabe3920e9f67
  m_Effects:
  - {fileID: 24400004}
  m_UserColorIndex: 0
  m_Mute: 0
  m_Solo: 0
  m_BypassEffects: 0
--- !u!244 &24400004
AudioMixerEffectController:
  m_ObjectHideFlags: 3
  m_PrefabParentObject: {fileID: 0}
  m_PrefabInternal: {fileID: 0}
  m_Name: 
  m_EffectID: 35691f1f09bb44f7b8cca6365fb2319b
  m_EffectName: Attenuation
  m_MixLevel: b820a7426fedb478d809d46f078b0d79
  m_Parameters: []
  m_SendTarget: {fileID: 0}
  m_EnableWetMix: 0
  m_Bypass: 0
--- !u!245 &24500006
AudioMixerSnapshotController:
  m_ObjectHideFlags: 0
  m_PrefabParentObject: {fileID: 0}
  m_PrefabInternal: {fileID: 0}
  m_Name: Snapshot
  m_AudioMixer: {fileID: 24100000}
  m_SnapshotID: b362ef4a2ee0346b58ff5e7013249fb7
  m_FloatValues: {}
  m_TransitionOverrides: {}
--- !u!243 &243397458662236904
AudioMixerGroupController:
  m_ObjectHideFlags: 0
  m_PrefabParentObject: {fileID: 0}
  m_PrefabInternal: {fileID: 0}
  m_Name: Music
  m_AudioMixer: {fileID: 24100000}
  m_GroupID: 65908f6247eb244d38a4e67e8d257608
  m_Children: []
  m_Volume: 5ef715deb30e846bc9f83d9d49f6726f
  m_Pitch: e6c9b51540fcb4536b13594f2730d655
  m_Effects:
  - {fileID: 244609177824805638}
  m_UserColorIndex: 0
  m_Mute: 0
  m_Solo: 0
  m_BypassEffects: 0
--- !u!243 &243992840930389200
AudioMixerGroupController:
  m_ObjectHideFlags: 0
  m_PrefabParentObject: {fileID: 0}
  m_PrefabInternal: {fileID: 0}
  m_Name: SFX
  m_AudioMixer: {fileID: 24100000}
  m_GroupID: afe2e10cf193044daae72cbd8391b052
  m_Children: []
  m_Volume: 7cb89944ac3854afd8798f9ff322ebe0
  m_Pitch: 819af361734764565844a2de7b0f2b8d
  m_Effects:
  - {fileID: 244010431617518620}
  m_UserColorIndex: 0
  m_Mute: 0
  m_Solo: 0
  m_BypassEffects: 0
--- !u!244 &244010431617518620
AudioMixerEffectController:
  m_ObjectHideFlags: 3
  m_PrefabParentObject: {fileID: 0}
  m_PrefabInternal: {fileID: 0}
  m_Name: 
  m_EffectID: 813335947be994a96850b666d36afbab
  m_EffectName: Attenuation
  m_MixLevel: 0a7e1385d5ffd404aaabbe9c0a50fa66
  m_Parameters: []
  m_SendTarget: {fileID: 0}
  m_EnableWetMix: 0
  m_Bypass: 0
--- !u!244 &244609177824805638
AudioMixerEffectController:
  m_ObjectHideFlags: 3
  m_PrefabParentObject: {fileID: 0}
  m_PrefabInternal: {fileID: 0}
  m_Name: 
  m_EffectID: 8dc61094b9a19420dbe2c84611504e4e
  m_EffectName: Attenuation
  m_MixLevel: fc8aec354fe5545d2b227fe8a7c1b3f7
  m_Parameters: []
  m_SendTarget: {fileID: 0}
  m_EnableWetMix: 0
  m_Bypass: 0
